<?xml version="1.0" encoding="UTF-8"?><record xmlns="http://www.loc.gov/MARC21/slim" xmlns:cinclude="http://apache.org/cocoon/include/1.0" xmlns:zs="http://www.loc.gov/zing/srw/">
  <leader>00435nz  a2200133n  4500</leader>
  <controlfield tag="001">nr 97028932 </controlfield>
  <controlfield tag="003">DLC</controlfield>
  <controlfield tag="005">19970816052624.8</controlfield>
  <controlfield tag="008">970815n| acannaab|          |a aaa      </controlfield>
  <datafield tag="010" ind1=" " ind2=" ">
    <subfield code="a">nr 97028932 </subfield>
  </datafield>
  <datafield tag="040" ind1=" " ind2=" ">
    <subfield code="a">DLC-R</subfield>
    <subfield code="c">DLC-R</subfield>
  </datafield>
  <datafield tag="100" ind1="1" ind2="0">
    <subfield code="a">Allen, Horace Newton,</subfield>
    <subfield code="d">1858-1932.</subfield>
    <subfield code="t">Chronological index.</subfield>
    <subfield code="l">Korean</subfield>
  </datafield>
  <datafield tag="400" ind1="1" ind2="0">
    <subfield code="a">Allen, Horace Newton,</subfield>
    <subfield code="d">1858-1932.</subfield>
    <subfield code="t">Hanʼguk kŭndae oegyosa yŏnpʻyo</subfield>
  </datafield>
  <datafield tag="670" ind1=" " ind2=" ">
    <subfield code="a">Hanʼguk kŭndae oegyosa yŏnpʻyo, 1966.</subfield>
  </datafield>
</record>